


@article{woolley2013gpu,
	title={GPU optimization fundamentals},
	author={Woolley, Cliff},
	journal={Technical report, Tech. Rep},
	year={2013}
}

@misc{lippert2009nvidia,
	title={Nvidia gpu architecture for general purpose computing},
	author={Lippert, Anthony},
	year={2009},
	publisher={April}
}

@article{nickolls2009graphics,
	title={Graphics and computing GPUs},
	author={Nickolls, John and Kirk, David},
	journal={Computer Organization and Design: The Hardware/Software Interface, DA Patterson and JL Hennessy, 4th ed., Morgan Kaufmann},
	pages={A2--A77},
	year={2009}
}


@inproceedings{sart2010accelerating,
	title={Accelerating dynamic time warping subsequence search with GPUs and FPGAs},
	author={Sart, Doruk and Mueen, Abdullah and Najjar, Walid and Keogh, Eamonn and Niennattrakul, Vit},
	booktitle={Data Mining (ICDM), 2010 IEEE 10th International Conference on},
	pages={1001--1006},
	year={2010},
	organization={IEEE}
}

@article{esling2012time,
	title={Time-series data mining},
	author={Esling, Philippe and Agon, Carlos},
	journal={ACM Computing Surveys (CSUR)},
	volume={45},
	number={1},
	pages={12},
	year={2012},
	publisher={ACM}
}

@article{lee2004minimum,
	title={Minimum distance queries for time series data},
	author={Lee, Sangjun and Kwon, Dongseop and Lee, Sukho},
	journal={Journal of systems and software},
	volume={69},
	number={1-2},
	pages={105--113},
	year={2004},
	publisher={Elsevier}
}

@article{keogh2003need,
	title={On the need for time series data mining benchmarks: a survey and empirical demonstration},
	author={Keogh, Eamonn and Kasetty, Shruti},
	journal={Data Mining and knowledge discovery},
	volume={7},
	number={4},
	pages={349--371},
	year={2003},
	publisher={Springer}
}
 
@inproceedings{ye2009time,
	title={Time series shapelets: a new primitive for data mining},
	author={Ye, Lexiang and Keogh, Eamonn},
	booktitle={Proceedings of the 15th ACM SIGKDD international conference on Knowledge discovery and data mining},
	pages={947--956},
	year={2009},
	organization={ACM}
}

@article{muller2007dynamic,
	title={Dynamic time warping},
	author={M{\"u}ller, Meinard},
	journal={Information retrieval for music and motion},
	pages={69--84},
	year={2007},
	publisher={Springer}
}

@article{salvador2007toward,
	title={Toward accurate dynamic time warping in linear time and space},
	author={Salvador, Stan and Chan, Philip},
	journal={Intelligent Data Analysis},
	volume={11},
	number={5},
	pages={561--580},
	year={2007},
	publisher={IOS Press}
}

@article{harris2007optimizing,
	title={Optimizing cuda},
	author={Harris, Mark},
	journal={SC07: High Performance Computing With CUDA},
	year={2007}
}

@misc{UCRArchive,
	title={The UCR Time Series Classification Archive},
	author={ Chen, Yanping and Keogh, Eamonn and Hu, Bing and Begum, Nurjahan and Bagnall, Anthony and Mueen, Abdullah and Batista, Gustavo},
	year={2015},
	month={July},
	note = {\url{www.cs.ucr.edu/~eamonn/time_series_data/}}
}

